@book{ferguson1958linear,
  title={Linear programming},
  author={Ferguson, Robert O and Sargent, Lauren F},
  year={1958},
  publisher={McGraw-Hill}
}

@book{vanderbei2015linear,
  title={Linear programming},
  author={Vanderbei, Robert J and others},
  year={2015},
  publisher={Springer}
}