@article{pope2008algorithms,
  title={Algorithms for ellipsoids},
  author={Pope, Stephen B},
  journal={Cornell University Report No. FDA},
  pages={08--01},
  year={2008}
}

@book{ferguson1958linear,
  title={Linear programming},
  author={Ferguson, Robert O and Sargent, Lauren F},
  year={1958},
  publisher={McGraw-Hill}
}

@book{vanderbei2015linear,
  title={Linear programming},
  author={Vanderbei, Robert J and others},
  year={2015},
  publisher={Springer}
}