@article{liu2017latency,
  title={Latency and Reliability-Aware Task Offloading and Resource Allocation for Mobile Edge Computing},
  author={Liu, Chen-Feng and Bennis, Mehdi and Poor, H Vincent},
  journal={arXiv preprint arXiv:1710.00590},
  year={2017}
}

@book{ferguson1958linear,
  title={Linear programming},
  author={Ferguson, Robert O and Sargent, Lauren F},
  year={1958},
  publisher={McGraw-Hill}
}

@book{vanderbei2015linear,
  title={Linear programming},
  author={Vanderbei, Robert J and others},
  year={2015},
  publisher={Springer}
}